@article{Wong:2023lgb,
    author = "Wong, Kaze W. K. and Isi, Maximiliano and Edwards, Thomas D. P.",
    title = "{Fast Gravitational-wave Parameter Estimation without Compromises}",
    eprint = "2302.05333",
    archivePrefix = "arXiv",
    primaryClass = "astro-ph.IM",
    doi = "10.3847/1538-4357/acf5cd",
    journal = "Astrophys. J.",
    volume = "958",
    number = "2",
    pages = "129",
    year = "2023"
}

@article{Cornish:2010kf,
    author = "Cornish, Neil J.",
    title = "{Fast Fisher Matrices and Lazy Likelihoods}",
    eprint = "1007.4820",
    archivePrefix = "arXiv",
    primaryClass = "gr-qc",
    month = "7",
    year = "2010"
}

@article{Branchesi:2023mws,
    author = "Branchesi, Marica and others",
    title = "{Science with the Einstein Telescope: a comparison of different designs}",
    eprint = "2303.15923",
    archivePrefix = "arXiv",
    primaryClass = "gr-qc",
    reportNumber = "ET-0084A-23",
    doi = "10.1088/1475-7516/2023/07/068",
    journal = "JCAP",
    volume = "07",
    pages = "068",
    year = "2023"
}

@article{Stachie:2021noh,
    author = "Stachie, Cosmin and others",
    title = "{Predicting electromagnetic counterparts using low-latency gravitational-wave data products}",
    eprint = "2103.01733",
    archivePrefix = "arXiv",
    primaryClass = "astro-ph.HE",
    doi = "10.1093/mnras/stab1492",
    journal = "Mon. Not. Roy. Astron. Soc.",
    volume = "505",
    number = "3",
    pages = "4235--4248",
    year = "2021"
}

@article{Colleoni:2023czp,
    author = "Colleoni, Marta and Vidal, Felip A. Ramis and Johnson-McDaniel, Nathan K. and Dietrich, Tim and Haney, Maria and Pratten, Geraint",
    title = "{IMRPhenomXP\_NRTidalv2: An improved frequency-domain precessing binary neutron star waveform model}",
    eprint = "2311.15978",
    archivePrefix = "arXiv",
    primaryClass = "gr-qc",
    month = "11",
    year = "2023"
}

@article{Varma:2019csw,
    author = "Varma, Vijay and Field, Scott E. and Scheel, Mark A. and Blackman, Jonathan and Gerosa, Davide and Stein, Leo C. and Kidder, Lawrence E. and Pfeiffer, Harald P.",
    title = "{Surrogate models for precessing binary black hole simulations with unequal masses}",
    eprint = "1905.09300",
    archivePrefix = "arXiv",
    primaryClass = "gr-qc",
    doi = "10.1103/PhysRevResearch.1.033015",
    journal = "Phys. Rev. Research.",
    volume = "1",
    pages = "033015",
    year = "2019"
}

@article{Buonanno:2000ef,
    author = "Buonanno, Alessandra and Damour, Thibault",
    title = "{Transition from inspiral to plunge in binary black hole coalescences}",
    eprint = "gr-qc/0001013",
    archivePrefix = "arXiv",
    reportNumber = "IHES-P-99-90, GRP-99-521",
    doi = "10.1103/PhysRevD.62.064015",
    journal = "Phys. Rev. D",
    volume = "62",
    pages = "064015",
    year = "2000"
}

@article{Damour:2009zoi,
    author = "Damour, Thibault and Nagar, Alessandro",
    editor = "Blanchet, Luc and Spallicci, Alessandro and Whiting, Bernard",
    title = "{The Effective One Body description of the Two-Body problem}",
    eprint = "0906.1769",
    archivePrefix = "arXiv",
    primaryClass = "gr-qc",
    doi = "10.1007/978-90-481-3015-3_7",
    journal = "Fundam. Theor. Phys.",
    volume = "162",
    pages = "211--252",
    year = "2011"
}

@article{Edwards:2023sak,
    author = "Edwards, Thomas D. P. and Wong, Kaze W. K. and Lam, Kelvin K. H. and Coogan, Adam and Foreman-Mackey, Daniel and Isi, Maximiliano and Zimmerman, Aaron",
    title = "{ripple: Differentiable and Hardware-Accelerated Waveforms for Gravitational Wave Data Analysis}",
    eprint = "2302.05329",
    archivePrefix = "arXiv",
    primaryClass = "astro-ph.IM",
    month = "2",
    year = "2023"
}

@article{frostig2018compiling,
  title={Compiling machine learning programs via high-level tracing},
  author={Frostig, Roy and Johnson, Matthew James and Leary, Chris},
  journal={Systems for Machine Learning},
  volume={4},
  number={9},
  year={2018},
  publisher={SysML}
}

@misc{lalsuite,
   author         = "{LIGO Scientific Collaboration} and {Virgo Collaboration} and {KAGRA Collaboration}",
   title          = "{LVK} {A}lgorithm {L}ibrary - {LALS}uite",
   howpublished   = "Free software (GPL)",
   doi            = "10.7935/GT1W-FZ16",
   year           = "2018"
}

@article{Iacovelli:2022mbg,
    author = "Iacovelli, Francesco and Mancarella, Michele and Foffa, Stefano and Maggiore, Michele",
    title = "{GWFAST: A Fisher Information Matrix Python Code for Third-generation Gravitational-wave Detectors}",
    eprint = "2207.06910",
    archivePrefix = "arXiv",
    primaryClass = "astro-ph.IM",
    doi = "10.3847/1538-4365/ac9129",
    journal = "Astrophys. J. Supp.",
    volume = "263",
    number = "1",
    pages = "2",
    year = "2022"
}


@article{Gabrie:2021tlu,
    author = "Gabri\'e, Marylou and Rotskoff, Grant M. and Vanden-Eijnden, Eric",
    title = "{Adaptive Monte Carlo augmented with normalizing flows}",
    eprint = "2105.12603",
    archivePrefix = "arXiv",
    primaryClass = "physics.data-an",
    doi = "10.1073/pnas.2109420119",
    journal = "Proc. Nat. Acad. Sci.",
    volume = "119",
    number = "10",
    pages = "e2109420119",
    year = "2022"
}

@article{Wong:2022xvh,
    author = "Wong, Kaze W. k. and Gabri\'e, Marylou and Foreman-Mackey, Daniel",
    title = "{flowMC: Normalizing flow enhanced sampling package for probabilistic inference in JAX}",
    eprint = "2211.06397",
    archivePrefix = "arXiv",
    primaryClass = "astro-ph.IM",
    doi = "10.21105/joss.05021",
    journal = "J. Open Source Softw.",
    volume = "8",
    number = "83",
    pages = "5021",
    year = "2023"
}


@article{neal2011mcmc,
  title={MCMC using Hamiltonian dynamics},
  author={Neal, Radford M and others},
  journal={Handbook of markov chain monte carlo},
  volume={2},
  number={11},
  pages={2},
  year={2011},
  publisher={Chapman and Hall/CRC}
}

@article{grenander1994representations,
  title={Representations of knowledge in complex systems},
  author={Grenander, Ulf and Miller, Michael I},
  journal={Journal of the Royal Statistical Society: Series B (Methodological)},
  volume={56},
  number={4},
  pages={549--581},
  year={1994},
  publisher={Wiley Online Library}
}

@article{Kobyzev:2019ydm,
    author = "Kobyzev, Ivan and Prince, Simon J. D. and Brubaker, Marcus A.",
    title = "{Normalizing Flows: An Introduction and Review of Current Methods}",
    eprint = "1908.09257",
    archivePrefix = "arXiv",
    primaryClass = "stat.ML",
    doi = "10.1109/tpami.2020.2992934",
    journal = "IEEE Trans. Pattern Anal. Machine Intell.",
    volume = "43",
    number = "11",
    pages = "3964--3979",
    year = "2021"
}

@article{Xifara_MALA_maths,
    title = {Langevin diffusions and the Metropolis-adjusted Langevin algorithm},
    journal = {Statistics \& Probability Letters},
    volume = {91},
    pages = {14-19},
    year = {2014},
    issn = {0167-7152},
    doi = {https://doi.org/10.1016/j.spl.2014.04.002},
    url = {https://www.sciencedirect.com/science/article/pii/S0167715214001333},
    author = {T. Xifara and C. Sherlock and S. Livingstone and S. Byrne and M. Girolami},
}

@article{Skilling:2006gxv,
    author = "Skilling, John",
    title = "{Nested sampling for general Bayesian computation}",
    doi = "10.1214/06-BA127",
    journal = "Bayesian Analysis",
    volume = "1",
    number = "4",
    pages = "833--859",
    year = "2006"
}

@article{Veitch:2014wba,
    author = "Veitch, J. and others",
    title = "{Parameter estimation for compact binaries with ground-based gravitational-wave observations using the LALInference software library}",
    eprint = "1409.7215",
    archivePrefix = "arXiv",
    primaryClass = "gr-qc",
    reportNumber = "LIGO-P1400152",
    doi = "10.1103/PhysRevD.91.042003",
    journal = "Phys. Rev. D",
    volume = "91",
    number = "4",
    pages = "042003",
    year = "2015"
}

@article{lin1991divergence,
  abstract = {A novel class of information-theoretic divergence measures based on the Shannon entropy is introduced. Unlike the well-known Kullback divergences, the new measures do not require the condition of absolute continuity to be satisfied by the probability distributions involved. More importantly, their close relationship with the variational distance and the probability of misclassification error are established in terms of bounds. These bounds are crucial in many applications of divergence measures. The measures are also well characterized by the properties of nonnegativity, finiteness, semiboundedness, and boundedness},
  added-at = {2016-04-10T14:35:08.000+0200},
  author = {Lin, Jianhua},
  biburl = {https://www.bibsonomy.org/bibtex/266e1e249efddb262bf58214d6a21f120/sdo},
  description = {IEEE Xplore Abstract - Divergence measures based on the Shannon entropy},
  doi = {10.1109/18.61115},
  interhash = {3a63843545ff9a49bf2864635588b55a},
  intrahash = {66e1e249efddb262bf58214d6a21f120},
  issn = {0018-9448},
  journal = {IEEE Transactions on Information Theory},
  keywords = {distribution divergence entropy jensen jensen-shannon js probability shannon},
  month = jan,
  number = 1,
  pages = {145-151},
  timestamp = {2016-04-10T14:35:08.000+0200},
  title = {Divergence measures based on the Shannon entropy},
  url = {http://ieeexplore.ieee.org/xpl/articleDetails.jsp?arnumber=61115},
note = {{URL}:~ \url{http://ieeexplore.ieee.org/xpl/articleDetails.jsp?arnumber=61115}},
  volume = 37,
  year = 1991
}


@article{Veitch:2009hd,
    author = "Veitch, J. and Vecchio, A.",
    title = "{Bayesian coherent analysis of in-spiral gravitational wave signals with a detector network}",
    eprint = "0911.3820",
    archivePrefix = "arXiv",
    primaryClass = "astro-ph.CO",
    reportNumber = "LIGO-P0900117",
    doi = "10.1103/PhysRevD.81.062003",
    journal = "Phys. Rev. D",
    volume = "81",
    pages = "062003",
    year = "2010"
}

@book{Neal:2011mrf,
    author = "Neal, Radford M.",
    title = "{Handbook of Markov Chain Monte Carlo}",
    eprint = "1206.1901",
    archivePrefix = "arXiv",
    primaryClass = "stat.CO",
    doi = "10.1201/b10905",
    month = "5",
    year = "2011"
}

@article{LIGOScientific:2016aoc,
    author = "Abbott, B. P. and others",
    collaboration = "LIGO Scientific, Virgo",
    title = "{Observation of Gravitational Waves from a Binary Black Hole Merger}",
    eprint = "1602.03837",
    archivePrefix = "arXiv",
    primaryClass = "gr-qc",
    reportNumber = "LIGO-P150914",
    doi = "10.1103/PhysRevLett.116.061102",
    journal = "Phys. Rev. Lett.",
    volume = "116",
    number = "6",
    pages = "061102",
    year = "2016"
}

@article{LIGOScientific:2017vwq,
    author = "Abbott, B. P. and others",
    collaboration = "LIGO Scientific, Virgo",
    title = "{GW170817: Observation of Gravitational Waves from a Binary Neutron Star Inspiral}",
    eprint = "1710.05832",
    archivePrefix = "arXiv",
    primaryClass = "gr-qc",
    reportNumber = "LIGO-P170817",
    doi = "10.1103/PhysRevLett.119.161101",
    journal = "Phys. Rev. Lett.",
    volume = "119",
    number = "16",
    pages = "161101",
    year = "2017"
}

@article{LIGOScientific:2021qlt,
    author = "Abbott, R. and others",
    collaboration = "LIGO Scientific, KAGRA, VIRGO",
    title = "{Observation of Gravitational Waves from Two Neutron Star\textendash{}Black Hole Coalescences}",
    eprint = "2106.15163",
    archivePrefix = "arXiv",
    primaryClass = "astro-ph.HE",
    reportNumber = "LIGO Document P2000357",
    doi = "10.3847/2041-8213/ac082e",
    journal = "Astrophys. J. Lett.",
    volume = "915",
    number = "1",
    pages = "L5",
    year = "2021"
}

@article{LIGOScientific:2014pky,
    author = "Aasi, J. and others",
    collaboration = "LIGO Scientific",
    title = "{Advanced LIGO}",
    eprint = "1411.4547",
    archivePrefix = "arXiv",
    primaryClass = "gr-qc",
    doi = "10.1088/0264-9381/32/7/074001",
    journal = "Class. Quant. Grav.",
    volume = "32",
    pages = "074001",
    year = "2015"
}

@article{VIRGO:2014yos,
    author = "Acernese, F. and others",
    collaboration = "VIRGO",
    title = "{Advanced Virgo: a second-generation interferometric gravitational wave detector}",
    eprint = "1408.3978",
    archivePrefix = "arXiv",
    primaryClass = "gr-qc",
    doi = "10.1088/0264-9381/32/2/024001",
    journal = "Class. Quant. Grav.",
    volume = "32",
    number = "2",
    pages = "024001",
    year = "2015"
}

@article{Biwer:2018osg,
    author = "Biwer, C. M. and Capano, Collin D. and De, Soumi and Cabero, Miriam and Brown, Duncan A. and Nitz, Alexander H. and Raymond, V.",
    title = "{PyCBC Inference: A Python-based parameter estimation toolkit for compact binary coalescence signals}",
    eprint = "1807.10312",
    archivePrefix = "arXiv",
    primaryClass = "astro-ph.IM",
    doi = "10.1088/1538-3873/aaef0b",
    journal = "Publ. Astron. Soc. Pac.",
    volume = "131",
    number = "996",
    pages = "024503",
    year = "2019"
}

@article{Ashton:2018jfp,
    author = "Ashton, Gregory and others",
    title = "{BILBY: A user-friendly Bayesian inference library for gravitational-wave astronomy}",
    eprint = "1811.02042",
    archivePrefix = "arXiv",
    primaryClass = "astro-ph.IM",
    doi = "10.3847/1538-4365/ab06fc",
    journal = "Astrophys. J. Suppl.",
    volume = "241",
    number = "2",
    pages = "27",
    year = "2019"
}

@article{Smith:2019ucc,
    author = "Smith, Rory J. E. and Ashton, Gregory and Vajpeyi, Avi and Talbot, Colm",
    title = "{Massively parallel Bayesian inference for transient gravitational-wave astronomy}",
    eprint = "1909.11873",
    archivePrefix = "arXiv",
    primaryClass = "gr-qc",
    reportNumber = "LIGO Document P1900255-v1",
    doi = "10.1093/mnras/staa2483",
    journal = "Mon. Not. Roy. Astron. Soc.",
    volume = "498",
    number = "3",
    pages = "4492--4502",
    year = "2020"
}

@article{LIGOScientific:2020aai,
    author = "Abbott, B. P. and others",
    collaboration = "LIGO Scientific, Virgo",
    title = "{GW190425: Observation of a Compact Binary Coalescence with Total Mass $\sim 3.4 M_{\odot}$}",
    eprint = "2001.01761",
    archivePrefix = "arXiv",
    primaryClass = "astro-ph.HE",
    reportNumber = "LIGO-P190425",
    doi = "10.3847/2041-8213/ab75f5",
    journal = "Astrophys. J. Lett.",
    volume = "892",
    number = "1",
    pages = "L3",
    year = "2020"
}

@article{Buonanno:2009zt,
    author = "Buonanno, Alessandra and Iyer, Bala and Ochsner, Evan and Pan, Yi and Sathyaprakash, B. S.",
    title = "{Comparison of post-Newtonian templates for compact binary inspiral signals in gravitational-wave detectors}",
    eprint = "0907.0700",
    archivePrefix = "arXiv",
    primaryClass = "gr-qc",
    doi = "10.1103/PhysRevD.80.084043",
    journal = "Phys. Rev. D",
    volume = "80",
    pages = "084043",
    year = "2009"
}

@article{Pizzati:2021apa,
    author = "Pizzati, Elia and Sachdev, Surabhi and Gupta, Anuradha and Sathyaprakash, Bangalore",
    title = "{Toward inference of overlapping gravitational-wave signals}",
    eprint = "2102.07692",
    archivePrefix = "arXiv",
    primaryClass = "gr-qc",
    doi = "10.1103/PhysRevD.105.104016",
    journal = "Phys. Rev. D",
    volume = "105",
    number = "10",
    pages = "104016",
    year = "2022"
}

@article{Samajdar:2021egv,
    author = "Samajdar, Anuradha and Janquart, Justin and Van Den Broeck, Chris and Dietrich, Tim",
    title = "{Biases in parameter estimation from overlapping gravitational-wave signals in the third-generation detector era}",
    eprint = "2102.07544",
    archivePrefix = "arXiv",
    primaryClass = "gr-qc",
    doi = "10.1103/PhysRevD.104.044003",
    journal = "Phys. Rev. D",
    volume = "104",
    number = "4",
    pages = "044003",
    year = "2021"
}

@article{Dietrich:2019kaq,
    author = "Dietrich, Tim and Samajdar, Anuradha and Khan, Sebastian and Johnson-McDaniel, Nathan K. and Dudi, Reetika and Tichy, Wolfgang",
    title = "{Improving the NRTidal model for binary neutron star systems}",
    eprint = "1905.06011",
    archivePrefix = "arXiv",
    primaryClass = "gr-qc",
    doi = "10.1103/PhysRevD.100.044003",
    journal = "Phys. Rev. D",
    volume = "100",
    number = "4",
    pages = "044003",
    year = "2019"
}

@article{Dietrich:2017aum,
    author = "Dietrich, Tim and Bernuzzi, Sebastiano and Tichy, Wolfgang",
    title = "{Closed-form tidal approximants for binary neutron star gravitational waveforms constructed from high-resolution numerical relativity simulations}",
    eprint = "1706.02969",
    archivePrefix = "arXiv",
    primaryClass = "gr-qc",
    doi = "10.1103/PhysRevD.96.121501",
    journal = "Phys. Rev. D",
    volume = "96",
    number = "12",
    pages = "121501",
    year = "2017"
}

@article{Zackay:2018qdy,
    author = "Zackay, Barak and Dai, Liang and Venumadhav, Tejaswi",
    title = "{Relative Binning and Fast Likelihood Evaluation for Gravitational Wave Parameter Estimation}",
    eprint = "1806.08792",
    archivePrefix = "arXiv",
    primaryClass = "astro-ph.IM",
    month = "6",
    year = "2018"
}

@article{Purrer:2019jcp,
    author = {P\"urrer, Michael and Haster, Carl-Johan},
    title = "{Gravitational waveform accuracy requirements for future ground-based detectors}",
    eprint = "1912.10055",
    archivePrefix = "arXiv",
    primaryClass = "gr-qc",
    doi = "10.1103/PhysRevResearch.2.023151",
    journal = "Phys. Rev. Res.",
    volume = "2",
    number = "2",
    pages = "023151",
    year = "2020"
}

@article{Buonanno:1998gg,
    author = "Buonanno, A. and Damour, T.",
    title = "{Effective one-body approach to general relativistic two-body dynamics}",
    eprint = "gr-qc/9811091",
    archivePrefix = "arXiv",
    reportNumber = "IHES-P-98-74",
    doi = "10.1103/PhysRevD.59.084006",
    journal = "Phys. Rev. D",
    volume = "59",
    pages = "084006",
    year = "1999"
}

@article{Krishna:2023bug,
    author = "Krishna, Kruthi and Vijaykumar, Aditya and Ganguly, Apratim and Talbot, Colm and Biscoveanu, Sylvia and George, Richard N. and Williams, Natalie and Zimmerman, Aaron",
    title = "{Accelerated parameter estimation in Bilby with relative binning}",
    eprint = "2312.06009",
    archivePrefix = "arXiv",
    primaryClass = "gr-qc",
    month = "12",
    year = "2023"
}

@article{cook2006validation,
  title={Validation of software for Bayesian models using posterior quantiles},
  author={Cook, Samantha R and Gelman, Andrew and Rubin, Donald B},
  journal={Journal of Computational and Graphical Statistics},
  volume={15},
  number={3},
  pages={675--692},
  year={2006},
  publisher={Taylor \& Francis}
}

@article{evosax2022github,
  author = {Robert Tjarko Lange},
  title = {evosax: JAX-based Evolution Strategies},
  journal={arXiv preprint arXiv:2212.04180},
  year = {2022},
}

@article{Wade:2014vqa,
    author = "Wade, Leslie and Creighton, Jolien D. E. and Ochsner, Evan and Lackey, Benjamin D. and Farr, Benjamin F. and Littenberg, Tyson B. and Raymond, Vivien",
    title = "{Systematic and statistical errors in a bayesian approach to the estimation of the neutron-star equation of state using advanced gravitational wave detectors}",
    eprint = "1402.5156",
    archivePrefix = "arXiv",
    primaryClass = "gr-qc",
    doi = "10.1103/PhysRevD.89.103012",
    journal = "Phys. Rev. D",
    volume = "89",
    number = "10",
    pages = "103012",
    year = "2014"
}

@article{LIGOScientific:2019lzm,
    author = "Abbott, Rich and others",
    collaboration = "LIGO Scientific, Virgo",
    title = "{Open data from the first and second observing runs of Advanced LIGO and Advanced Virgo}",
    eprint = "1912.11716",
    archivePrefix = "arXiv",
    primaryClass = "gr-qc",
    reportNumber = "LIGO-P1900206",
    doi = "10.1016/j.softx.2021.100658",
    journal = "SoftwareX",
    volume = "13",
    pages = "100658",
    year = "2021"
}

@article{KAGRA:2023pio,
    author = "Abbott, R. and others",
    collaboration = "KAGRA, VIRGO, LIGO Scientific",
    title = "{Open Data from the Third Observing Run of LIGO, Virgo, KAGRA, and GEO}",
    eprint = "2302.03676",
    archivePrefix = "arXiv",
    primaryClass = "gr-qc",
    reportNumber = "LIGO-P2200316",
    doi = "10.3847/1538-4365/acdc9f",
    journal = "Astrophys. J. Suppl.",
    volume = "267",
    number = "2",
    pages = "29",
    year = "2023"
}


@online{climateneutral_trees_reference,
  author = {{Anthesis Climate Neutral group}},
  title = {What exactly is 1 tonne of $\rm{CO}_2$?},
  year = 2024,
  url = {https://www.climateneutralgroup.com/en/news/what-exactly-is-1-tonne-of-co2-v2/},
  urldate = {2024-03-27},
note = {{URL}:~ \url{https://www.climateneutralgroup.com/en/news/what-exactly-is-1-tonne-of-co2-v2/}. {A}ccessed: 2024-03-27},
}

@online{greenhouse_gas_inventory_reference,
  author = {{Australian Government}},
  title = {National Greenhouse Gas Inventory: Quarterly updates},
  year = 2024,
  url = {https://www.dcceew.gov.au/climate-change/publications/national-greenhouse-gas-inventory-quarterly-updates},
  urldate = {2024-03-27},
note = {{A}ccessed: 2024-03-27},
}

@online{NL_CO2_emissiefactoren,
  author = {{CO2 emissiefactoren}},
  title = {Lijst emissiefactoren},
  year = 2024,
  url = {https://www.co2emissiefactoren.nl/lijst-emissiefactoren/},
  urldate = {2024-03-27},
note = {{URL}:~ \url{https://www.co2emissiefactoren.nl/lijst-emissiefactoren/}. {A}ccessed: 2024-04-02},
}

@online{nvidia_a100_datasheet,
  author = {{NVIDIA Corporation}},
  title = {{NVIDIA A100 Tensor Core GPU Data Sheet}},
  year = 2024,
  url = {https://www.nvidia.com/content/dam/en-zz/Solutions/Data-Center/a100/pdf/nvidia-a100-datasheet-nvidia-us-2188504-web.pdf},
  urldate = {2024-03-27},
note = {{URL}:~ \url{https://www.nvidia.com/content/dam/en-zz/Solutions/Data-Center/a100/pdf/nvidia-a100-datasheet-nvidia-us-2188504-web.pdf}. {A}ccessed: 2024-03-27},
}

@online{ark_intel_cpu_datasheet,
  title        = {{Intel Xeon Platinum 8174 Processor}},
  author       = {{Intel Corporation}},
year = {2024},
  url         = {https://ark.intel.com/content/www/us/en/ark/products/136874/intel-xeon-platinum-8174-processor-33m-cache-3-10-ghz.html},
note = {{URL}: \url{https://ark.intel.com/content/www/us/en/ark/products/136874/intel-xeon-platinum-8174-processor-33m-cache-3-10-ghz.html}. {A}ccessed: 2024-03-27},
}

@article{Foley:2020kus,
    author = "Foley, Ryan J. and Coulter, David A. and Kilpatrick, Charles D. and Piro, Anthony L. and Ramirez-Ruiz, Enrico and Schwab, Josiah",
    title = "{Updated Parameter Estimates for GW190425 Using Astrophysical Arguments and Implications for the Electromagnetic Counterpart}",
    eprint = "2002.00956",
    archivePrefix = "arXiv",
    primaryClass = "astro-ph.HE",
    doi = "10.1093/mnras/staa725",
    journal = "Mon. Not. Roy. Astron. Soc.",
    volume = "494",
    number = "1",
    pages = "190--198",
    year = "2020"
}

@article{Han:2020qmn,
    author = "Han, Ming-Zhe and Tang, Shao-Peng and Hu, Yi-Ming and Li, Yin-Jie and Jiang, Jin-Liang and Jin, Zhi-Ping and Fan, Yi-Zhong and Wei, Da-Ming",
    title = "{Is GW190425 consistent with being a neutron star$-$black hole merger?}",
    eprint = "2001.07882",
    archivePrefix = "arXiv",
    primaryClass = "astro-ph.HE",
    doi = "10.3847/2041-8213/ab745a",
    journal = "Astrophys. J. Lett.",
    volume = "891",
    number = "1",
    pages = "L5",
    year = "2020"
}

@article{Kyutoku:2020xka,
    author = "Kyutoku, Koutarou and Fujibayashi, Sho and Hayashi, Kota and Kawaguchi, Kyohei and Kiuchi, Kenta and Shibata, Masaru and Tanaka, Masaomi",
    title = "{On the Possibility of GW190425 Being a Black Hole\textendash{}Neutron Star Binary Merger}",
    eprint = "2001.04474",
    archivePrefix = "arXiv",
    primaryClass = "astro-ph.HE",
    doi = "10.3847/2041-8213/ab6e70",
    journal = "Astrophys. J. Lett.",
    volume = "890",
    number = "1",
    pages = "L4",
    year = "2020"
}

@article{Maggiore:2019uih,
    author = "Maggiore, Michele and others",
    title = "{Science Case for the Einstein Telescope}",
    eprint = "1912.02622",
    archivePrefix = "arXiv",
    primaryClass = "astro-ph.CO",
    doi = "10.1088/1475-7516/2020/03/050",
    journal = "JCAP",
    volume = "03",
    pages = "050",
    year = "2020"
}

@article{Evans:2023euw,
    author = "Evans, Matthew and others",
    title = "{Cosmic Explorer: A Submission to the NSF MPSAC ngGW Subcommittee}",
    eprint = "2306.13745",
    archivePrefix = "arXiv",
    primaryClass = "astro-ph.IM",
    month = "6",
    year = "2023"
}

@article{Prunier:2023cyv,
    author = "Prunier, Marine and Morr\'as, Gonzalo and Siles, Jos\'e Francisco Nu\~no and Clesse, Sebastien and Garc\'\i{}a-Bellido, Juan and Ruiz Morales, Ester",
    title = "{Analysis of the subsolar-mass black hole candidate SSM200308 from the second part of the third observing run of Advanced LIGO-Virgo}",
    eprint = "2311.16085",
    archivePrefix = "arXiv",
    primaryClass = "gr-qc",
    month = "11",
    year = "2023"
}

@book{maggiore2007gravitational,
  title={Gravitational waves: Volume 1: Theory and experiments},
  author={Maggiore, Michele},
  year={2007},
  publisher={OUP Oxford}
}

@article{Narola:2023men,
    author = "Narola, Harsh and Janquart, Justin and Meijer, Quirijn and Haris, K. and Van Den Broeck, Chris",
    title = "{Relative binning for complete gravitational-wave parameter estimation with higher-order modes and precession, and applications to lensing and third-generation detectors}",
    eprint = "2308.12140",
    archivePrefix = "arXiv",
    primaryClass = "gr-qc",
    month = "8",
    year = "2023"
}

@misc{lo2023denmarf,
      title={{\textsc{denmarf}}: a {Python} package for density estimation using masked autoregressive flow}, 
      author={Rico K. L. Lo},
      year={2023},
      eprint={2305.14379},
      archivePrefix={arXiv},
      primaryClass={astro-ph.IM}
}

@article{McGinn:2024nkd,
    author = "McGinn, Jordan and Mukherjee, Arunava and Irwin, Jessica and Messenger, Christopher and Williams, Michael J. and Heng, Ik Siong",
    title = "{Rapid neutron star equation of state inference with Normalising Flows}",
    eprint = "2403.17462",
    archivePrefix = "arXiv",
    primaryClass = "gr-qc",
    month = "3",
    year = "2024"
}

@article{Singer:2015ema,
    author = "Singer, Leo P. and Price, Larry R.",
    title = "{Rapid Bayesian position reconstruction for gravitational-wave transients}",
    eprint = "1508.03634",
    archivePrefix = "arXiv",
    primaryClass = "gr-qc",
    reportNumber = "LIGO-P1500009-V3, LIGO-P1500009-V4, LIGO-P1500009-V5, LIGO-P1500009-V6, LIGO-P1500009-V7, LIGO-P1500009-V8",
    doi = "10.1103/PhysRevD.93.024013",
    journal = "Phys. Rev. D",
    volume = "93",
    number = "2",
    pages = "024013",
    year = "2016"
}

@article{Punturo:2010zza,
    author = "Punturo, M. and others",
    editor = "Marka, Zsuzsa and Marka, Szabolcs",
    title = "{The third generation of gravitational wave observatories and their science reach}",
    doi = "10.1088/0264-9381/27/8/084007",
    journal = "Class. Quant. Grav.",
    volume = "27",
    pages = "084007",
    year = "2010"
}

@misc{Statistics_Netherlands_2023,
    title={Energy consumption private dwellings; type of dwelling and regions},
    url={https://www.cbs.nl/en-gb/figures/detail/81528ENG},
    note = {\url{https://www.cbs.nl/en-gb/figures/detail/81528ENG}. {A}ccessed: 2024-04-02},
    journal={Statistics Netherlands},
    author={{Statistics Netherlands}},
    year={2023}, month={Oct}
    }

@article{Lattimer:2012nd,
    author = "Lattimer, James M.",
    title = "{The nuclear equation of state and neutron star masses}",
    eprint = "1305.3510",
    archivePrefix = "arXiv",
    primaryClass = "nucl-th",
    doi = "10.1146/annurev-nucl-102711-095018",
    journal = "Ann. Rev. Nucl. Part. Sci.",
    volume = "62",
    pages = "485--515",
    year = "2012"
}

@article{Hinderer:2018pei,
    author = "Hinderer, Tanja and others",
    title = "{Distinguishing the nature of comparable-mass neutron star binary systems with multimessenger observations: GW170817 case study}",
    eprint = "1808.03836",
    archivePrefix = "arXiv",
    primaryClass = "astro-ph.HE",
    doi = "10.1103/PhysRevD.100.063021",
    journal = "Phys. Rev. D",
    volume = "100",
    number = "6",
    pages = "06321",
    year = "2019"
}

@article{Coughlin:2019kqf,
    author = "Coughlin, Michael W. and Dietrich, Tim",
    title = "{Can a black hole\textendash{}neutron star merger explain GW170817, AT2017gfo, and GRB170817A?}",
    eprint = "1901.06052",
    archivePrefix = "arXiv",
    primaryClass = "astro-ph.HE",
    doi = "10.1103/PhysRevD.100.043011",
    journal = "Phys. Rev. D",
    volume = "100",
    number = "4",
    pages = "043011",
    year = "2019"
}

@article{Romero-Shaw:2020owr,
    author = "Romero-Shaw, I. M. and others",
    title = "{Bayesian inference for compact binary coalescences with bilby: validation and application to the first LIGO\textendash{}Virgo gravitational-wave transient catalogue}",
    eprint = "2006.00714",
    archivePrefix = "arXiv",
    primaryClass = "astro-ph.IM",
    doi = "10.1093/mnras/staa2850",
    journal = "Mon. Not. Roy. Astron. Soc.",
    volume = "499",
    number = "3",
    pages = "3295--3319",
    year = "2020"
}

@article{Blanchet:2013haa,
    author = "Blanchet, Luc",
    title = "{Gravitational Radiation from Post-Newtonian Sources and Inspiralling Compact Binaries}",
    eprint = "1310.1528",
    archivePrefix = "arXiv",
    primaryClass = "gr-qc",
    doi = "10.12942/lrr-2014-2",
    journal = "Living Rev. Rel.",
    volume = "17",
    pages = "2",
    year = "2014"
}


@article{Dax:2021tsq,
    author = {Dax, Maximilian and Green, Stephen R. and Gair, Jonathan and Macke, Jakob H. and Buonanno, Alessandra and Sch\"olkopf, Bernhard},
    title = "{Real-Time Gravitational Wave Science with Neural Posterior Estimation}",
    eprint = "2106.12594",
    archivePrefix = "arXiv",
    primaryClass = "gr-qc",
    reportNumber = "LIGO-P2100223",
    doi = "10.1103/PhysRevLett.127.241103",
    journal = "Phys. Rev. Lett.",
    volume = "127",
    number = "24",
    pages = "241103",
    year = "2021",
    note = {DINGO paper}
}

@article{Dax:2022pxd,
    author = {Dax, Maximilian and Green, Stephen R. and Gair, Jonathan and P\"urrer, Michael and Wildberger, Jonas and Macke, Jakob H. and Buonanno, Alessandra and Sch\"olkopf, Bernhard},
    title = "{Neural Importance Sampling for Rapid and Reliable Gravitational-Wave Inference}",
    eprint = "2210.05686",
    archivePrefix = "arXiv",
    primaryClass = "gr-qc",
    reportNumber = "LIGO-P2200297",
    doi = "10.1103/PhysRevLett.130.171403",
    journal = "Phys. Rev. Lett.",
    volume = "130",
    number = "17",
    pages = "171403",
    year = "2023"
}

@article{Akcay:2018yyh,
    author = "Akcay, Sarp and Bernuzzi, Sebastiano and Messina, Francesco and Nagar, Alessandro and Ortiz, N\'estor and Rettegno, Piero",
    title = "{Effective-one-body multipolar waveform for tidally interacting binary neutron stars up to merger}",
    eprint = "1812.02744",
    archivePrefix = "arXiv",
    primaryClass = "gr-qc",
    doi = "10.1103/PhysRevD.99.044051",
    journal = "Phys. Rev. D",
    volume = "99",
    number = "4",
    pages = "044051",
    year = "2019"
}

@article{Husa:2015iqa,
    author = {Husa, Sascha and Khan, Sebastian and Hannam, Mark and P\"urrer, Michael and Ohme, Frank and Jim\'enez Forteza, Xisco and Boh\'e, Alejandro},
    title = "{Frequency-domain gravitational waves from nonprecessing black-hole binaries. I. New numerical waveforms and anatomy of the signal}",
    eprint = "1508.07250",
    archivePrefix = "arXiv",
    primaryClass = "gr-qc",
    doi = "10.1103/PhysRevD.93.044006",
    journal = "Phys. Rev. D",
    volume = "93",
    number = "4",
    pages = "044006",
    year = "2016"
}

@article{Khan:2015jqa,
    author = {Khan, Sebastian and Husa, Sascha and Hannam, Mark and Ohme, Frank and P\"urrer, Michael and Jim\'enez Forteza, Xisco and Boh\'e, Alejandro},
    title = "{Frequency-domain gravitational waves from nonprecessing black-hole binaries. II. A phenomenological model for the advanced detector era}",
    eprint = "1508.07253",
    archivePrefix = "arXiv",
    primaryClass = "gr-qc",
    doi = "10.1103/PhysRevD.93.044007",
    journal = "Phys. Rev. D",
    volume = "93",
    number = "4",
    pages = "044007",
    year = "2016"
}

@article{Abac:2023ujg,
    author = "Abac, Adrian and Dietrich, Tim and Buonanno, Alessandra and Steinhoff, Jan and Ujevic, Maximiliano",
    title = "{New and robust gravitational-waveform model for high-mass-ratio binary neutron star systems with dynamical tidal effects}",
    eprint = "2311.07456",
    archivePrefix = "arXiv",
    primaryClass = "gr-qc",
    doi = "10.1103/PhysRevD.109.024062",
    journal = "Phys. Rev. D",
    volume = "109",
    number = "2",
    pages = "024062",
    year = "2024"
}

@article{CMA_ES_reference_paper,
  author={Hansen, Nikolaus and Ostermeier, Andreas},
  journal={Evolutionary Computation}, 
  title={Completely Derandomized Self-Adaptation in Evolution Strategies}, 
  year={2001},
  volume={9},
  number={2},
  pages={159-195},
  keywords={Evolution strategy;self-adaptation;strategy parameter control;step size control;de-randomization;derandomized self-adaptation;covariance matrix adaptation;evolution path;cumulation;cumulative path length control},
  doi={10.1162/106365601750190398}}


@article{Williams:2021qyt,
    author = "Williams, Michael J. and Veitch, John and Messenger, Chris",
    title = "{Nested sampling with normalizing flows for gravitational-wave inference}",
    eprint = "2102.11056",
    archivePrefix = "arXiv",
    primaryClass = "gr-qc",
    doi = "10.1103/PhysRevD.103.103006",
    journal = "Phys. Rev. D",
    volume = "103",
    number = "10",
    pages = "103006",
    year = "2021"
}

@article{Williams:2023ppp,
    author = "Williams, Michael J. and Veitch, John and Messenger, Chris",
    title = "{Importance nested sampling with normalising flows}",
    eprint = "2302.08526",
    archivePrefix = "arXiv",
    primaryClass = "astro-ph.IM",
    reportNumber = "LIGO-P2200283",
    doi = "10.1088/2632-2153/acd5aa",
    journal = "Mach. Learn. Sci. Tech.",
    volume = "4",
    number = "3",
    pages = "035011",
    year = "2023"
}

@article{Pang:2022rzc,
    author = "Pang, Peter T. H. and others",
    title = "{An updated nuclear-physics and multi-messenger astrophysics framework for binary neutron star mergers}",
    eprint = "2205.08513",
    archivePrefix = "arXiv",
    primaryClass = "astro-ph.HE",
    reportNumber = "LA-UR-22-23872, LIGO-P2200150",
    doi = "10.1038/s41467-023-43932-6",
    journal = "Nature Commun.",
    volume = "14",
    number = "1",
    pages = "8352",
    year = "2023"
}

@article{Bernuzzi:2014owa,
    author = "Bernuzzi, Sebastiano and Nagar, Alessandro and Dietrich, Tim and Damour, Thibault",
    title = "{Modeling the Dynamics of Tidally Interacting Binary Neutron Stars up to the Merger}",
    eprint = "1412.4553",
    archivePrefix = "arXiv",
    primaryClass = "gr-qc",
    doi = "10.1103/PhysRevLett.114.161103",
    journal = "Phys. Rev. Lett.",
    volume = "114",
    number = "16",
    pages = "161103",
    year = "2015"
}

@article{Nagar:2018zoe,
    author = "Nagar, Alessandro and others",
    title = "{Time-domain effective-one-body gravitational waveforms for coalescing compact binaries with nonprecessing spins, tides and self-spin effects}",
    eprint = "1806.01772",
    archivePrefix = "arXiv",
    primaryClass = "gr-qc",
    doi = "10.1103/PhysRevD.98.104052",
    journal = "Phys. Rev. D",
    volume = "98",
    number = "10",
    pages = "104052",
    year = "2018"
}

@article{Hinderer:2016eia,
    author = "Hinderer, Tanja and others",
    title = "{Effects of neutron-star dynamic tides on gravitational waveforms within the effective-one-body approach}",
    eprint = "1602.00599",
    archivePrefix = "arXiv",
    primaryClass = "gr-qc",
    doi = "10.1103/PhysRevLett.116.181101",
    journal = "Phys. Rev. Lett.",
    volume = "116",
    number = "18",
    pages = "181101",
    year = "2016"
}

@article{Steinhoff:2016rfi,
    author = "Steinhoff, Jan and Hinderer, Tanja and Buonanno, Alessandra and Taracchini, Andrea",
    title = "{Dynamical Tides in General Relativity: Effective Action and Effective-One-Body Hamiltonian}",
    eprint = "1608.01907",
    archivePrefix = "arXiv",
    primaryClass = "gr-qc",
    doi = "10.1103/PhysRevD.94.104028",
    journal = "Phys. Rev. D",
    volume = "94",
    number = "10",
    pages = "104028",
    year = "2016"
}

@misc{kidger2021equinox,
      title={Equinox: neural networks in JAX via callable PyTrees and filtered transformations}, 
      author={Patrick Kidger and Cristian Garcia},
      year={2021},
      eprint={2111.00254},
      archivePrefix={arXiv},
      primaryClass={cs.LG}
}

@article{Ozel:2016oaf,
    author = {\"Ozel, Feryal and Freire, Paulo},
    title = "{Masses, Radii, and the Equation of State of Neutron Stars}",
    eprint = "1603.02698",
    archivePrefix = "arXiv",
    primaryClass = "astro-ph.HE",
    doi = "10.1146/annurev-astro-081915-023322",
    journal = "Ann. Rev. Astron. Astrophys.",
    volume = "54",
    pages = "401--440",
    year = "2016"
}

@article{Flanagan:2007ix,
    author = "Flanagan, Eanna E. and Hinderer, Tanja",
    title = "{Constraining neutron star tidal Love numbers with gravitational wave detectors}",
    eprint = "0709.1915",
    archivePrefix = "arXiv",
    primaryClass = "astro-ph",
    doi = "10.1103/PhysRevD.77.021502",
    journal = "Phys. Rev. D",
    volume = "77",
    pages = "021502",
    year = "2008"
}

@article{DelPozzo:2013ala,
    author = "Del Pozzo, Walter and Li, Tjonnie G. F. and Agathos, Michalis and Van Den Broeck, Chris and Vitale, Salvatore",
    title = "{Demonstrating the feasibility of probing the neutron star equation of state with second-generation gravitational wave detectors}",
    eprint = "1307.8338",
    archivePrefix = "arXiv",
    primaryClass = "gr-qc",
    doi = "10.1103/PhysRevLett.111.071101",
    journal = "Phys. Rev. Lett.",
    volume = "111",
    number = "7",
    pages = "071101",
    year = "2013"
}

@article{Agathos:2015uaa,
    author = "Agathos, Michalis and Meidam, Jeroen and Del Pozzo, Walter and Li, Tjonnie G. F. and Tompitak, Marco and Veitch, John and Vitale, Salvatore and Van Den Broeck, Chris",
    title = "{Constraining the neutron star equation of state with gravitational wave signals from coalescing binary neutron stars}",
    eprint = "1503.05405",
    archivePrefix = "arXiv",
    primaryClass = "gr-qc",
    doi = "10.1103/PhysRevD.92.023012",
    journal = "Phys. Rev. D",
    volume = "92",
    number = "2",
    pages = "023012",
    year = "2015"
}

@article{Demorest:2010bx,
    author = "Demorest, Paul and Pennucci, Tim and Ransom, Scott and Roberts, Mallory and Hessels, Jason",
    title = "{Shapiro Delay Measurement of A Two Solar Mass Neutron Star}",
    eprint = "1010.5788",
    archivePrefix = "arXiv",
    primaryClass = "astro-ph.HE",
    doi = "10.1038/nature09466",
    journal = "Nature",
    volume = "467",
    pages = "1081--1083",
    year = "2010"
}

@article{Antoniadis:2013pzd,
  author	= "Antoniadis, John and Freire, Paulo C.C. and Wex, Norbert and
		  Tauris, Thomas M. and Lynch, Ryan S. and others",
  title		= "{A Massive Pulsar in a Compact Relativistic Binary}",
  journal	= "Science",
  volume	= "340",
  pages		= "6131",
  doi		= "10.1126/science.1233232",
  year		= "2013",
  eprint	= "1304.6875",
  archiveprefix	= "arXiv",
  primaryclass	= "astro-ph.HE",
  slaccitation	= "%%CITATION = ARXIV:1304.6875;%%"
}

@article{Arzoumanian:2017puf,
    author = "Arzoumanian, Zaven and others",
    collaboration = "NANOGrav",
    title = "{The NANOGrav 11-year Data Set: High-precision timing of 45 Millisecond Pulsars}",
    eprint = "1801.01837",
    archivePrefix = "arXiv",
    primaryClass = "astro-ph.HE",
    doi = "10.3847/1538-4365/aab5b0",
    journal = "Astrophys. J. Suppl.",
    volume = "235",
    number = "2",
    pages = "37",
    year = "2018"
}

@article{Cromartie:2019kug,
    author = "Cromartie, H. Thankful and others",
    title = "{Relativistic Shapiro delay measurements of an extremely massive millisecond pulsar}",
    eprint = "1904.06759",
    archivePrefix = "arXiv",
    primaryClass = "astro-ph.HE",
    doi = "10.1038/s41550-019-0880-2",
    journal = "Nature Astron.",
    volume = "4",
    number = "1",
    pages = "72--76",
    year = "2019"
}

@article{Riley:2021pdl,
    author = "Riley, Thomas E. and others",
    title = "{A NICER View of the Massive Pulsar PSR J0740+6620 Informed by Radio Timing and XMM-Newton Spectroscopy}",
    eprint = "2105.06980",
    archivePrefix = "arXiv",
    primaryClass = "astro-ph.HE",
    doi = "10.3847/2041-8213/ac0a81",
    journal = "Astrophys. J. Lett.",
    volume = "918",
    number = "2",
    pages = "L27",
    year = "2021"
}

@article{Miller:2021qha,
    author = "Miller, M. C. and others",
    title = "{The Radius of PSR J0740+6620 from NICER and XMM-Newton Data}",
    eprint = "2105.06979",
    archivePrefix = "arXiv",
    primaryClass = "astro-ph.HE",
    doi = "10.3847/2041-8213/ac089b",
    journal = "Astrophys. J. Lett.",
    volume = "918",
    number = "2",
    pages = "L28",
    year = "2021"
}

@article{Riley:2019yda,
      author         = "Riley, Thomas E. and others",
      title          = "{A NICER View of PSR J0030+0451: Millisecond Pulsar
                        Parameter Estimation}",
      journal        = "Astrophys. J. Lett.",
      volume         = "887",
      year           = "2019",
      pages          = "L21",
      doi            = "10.3847/2041-8213/ab481c",
      eprint         = "1912.05702",
      archivePrefix  = "arXiv",
      primaryClass   = "astro-ph.HE",
      SLACcitation   = "%%CITATION = ARXIV:1912.05702;%%"
}

@article{Miller:2019cac,
      author         = "Miller, M. C. and others",
      title          = "{PSR J0030+0451 Mass and Radius from NICER Data and
                        Implications for the Properties of Neutron Star Matter}",
      journal        = "Astrophys. J. Lett.",
      volume         = "887",
      year           = "2019",
      pages          = "L24",
      doi            = "10.3847/2041-8213/ab50c5",
      eprint         = "1912.05705",
      archivePrefix  = "arXiv",
      primaryClass   = "astro-ph.HE",
      SLACcitation   = "%%CITATION = ARXIV:1912.05705;%%"
}

@article{Hinderer:2009ca,
    author = "Hinderer, Tanja and Lackey, Benjamin D. and Lang, Ryan N. and Read, Jocelyn S.",
    title = "{Tidal deformability of neutron stars with realistic equations of state and their gravitational wave signatures in binary inspiral}",
    eprint = "0911.3535",
    archivePrefix = "arXiv",
    primaryClass = "astro-ph.HE",
    doi = "10.1103/PhysRevD.81.123016",
    journal = "Phys. Rev. D",
    volume = "81",
    pages = "123016",
    year = "2010"
}

@article{Damour:2009vw,
    author = "Damour, Thibault and Nagar, Alessandro",
    title = "{Relativistic tidal properties of neutron stars}",
    eprint = "0906.0096",
    archivePrefix = "arXiv",
    primaryClass = "gr-qc",
    doi = "10.1103/PhysRevD.80.084035",
    journal = "Phys. Rev. D",
    volume = "80",
    pages = "084035",
    year = "2009"
}

@article{Lindblom1992-zb,
  title     = "Determining the nuclear equation of state from neutron-star
               masses and radii",
  author    = "Lindblom, Lee",
  journal   = "Astrophys. J.",
  publisher = "American Astronomical Society",
  volume    =  398,
  pages     = "569",
  month     =  oct,
  year      =  1992,
  language  = "en"
}

@article{Tews:2022yfb,
    author = "Tews, Ingo and others",
    title = "{Nuclear Forces for Precision Nuclear Physics: A Collection of Perspectives}",
    eprint = "2202.01105",
    archivePrefix = "arXiv",
    primaryClass = "nucl-th",
    reportNumber = "INT-PUB-22-002, LA-UR-22-20419, UMD-PP-022-02, FERMILAB-PUB-22-090-T, FERMILAB-PUB-22-090-T",
    doi = "10.1007/s00601-022-01749-x",
    journal = "Few Body Syst.",
    volume = "63",
    number = "4",
    pages = "67",
    year = "2022"
}


@article{Smith:2016qas,
    author = {Smith, Rory and Field, Scott E. and Blackburn, Kent and Haster, Carl-Johan and P\"urrer, Michael and Raymond, Vivien and Schmidt, Patricia},
    title = "{Fast and accurate inference on gravitational waves from precessing compact binaries}",
    eprint = "1604.08253",
    archivePrefix = "arXiv",
    primaryClass = "gr-qc",
    reportNumber = "LIGO-DOCUMENT-NUMBER-P1600096, LIGO-P1600096",
    doi = "10.1103/PhysRevD.94.044031",
    journal = "Phys. Rev. D",
    volume = "94",
    number = "4",
    pages = "044031",
    year = "2016"
}

@article{Cornish:2021lje,
    author = "Cornish, Neil J.",
    title = "{Heterodyned likelihood for rapid gravitational wave parameter inference}",
    eprint = "2109.02728",
    archivePrefix = "arXiv",
    primaryClass = "gr-qc",
    doi = "10.1103/PhysRevD.104.104054",
    journal = "Phys. Rev. D",
    volume = "104",
    number = "10",
    pages = "104054",
    year = "2021"
}

@article{Qi:2020lfr,
    author = "Qi, Hong and Raymond, Vivien",
    title = "{Python-based reduced order quadrature building code for fast gravitational wave inference}",
    eprint = "2009.13812",
    archivePrefix = "arXiv",
    primaryClass = "gr-qc",
    reportNumber = "LIGO P2000367",
    doi = "10.1103/PhysRevD.104.063031",
    journal = "Phys. Rev. D",
    volume = "104",
    number = "6",
    pages = "063031",
    year = "2021"
}

@article{Lange:2018pyp,
    author = "Lange, Jacob and O'Shaughnessy, Richard and Rizzo, Monica",
    title = "{Rapid and accurate parameter inference for coalescing, precessing compact binaries}",
    eprint = "1805.10457",
    archivePrefix = "arXiv",
    primaryClass = "gr-qc",
    reportNumber = "LIGO DCC P1800084, LIGO-DCC-P1800084",
    month = "5",
    year = "2018"
}

@article{Gabbard:2019rde,
    author = "Gabbard, Hunter and Messenger, Chris and Heng, Ik Siong and Tonolini, Francesco and Murray-Smith, Roderick",
    title = "{Bayesian parameter estimation using conditional variational autoencoders for gravitational-wave astronomy}",
    eprint = "1909.06296",
    archivePrefix = "arXiv",
    primaryClass = "astro-ph.IM",
    doi = "10.1038/s41567-021-01425-7",
    journal = "Nature Phys.",
    volume = "18",
    number = "1",
    pages = "112--117",
    year = "2022"
}

@article{Kolmus:2021buf,
    author = "Kolmus, Alex and Baltus, Gr\'egory and Janquart, Justin and van Laarhoven, Twan and Caudill, Sarah and Heskes, Tom",
    title = "{Fast sky localization of gravitational waves using deep learning seeded importance sampling}",
    eprint = "2111.00833",
    archivePrefix = "arXiv",
    primaryClass = "gr-qc",
    doi = "10.1103/PhysRevD.106.023032",
    journal = "Phys. Rev. D",
    volume = "106",
    number = "2",
    pages = "023032",
    year = "2022"
}


@article{Antil:2018efn,
    author = "Antil, Harbir and Chen, Dangxing and Field, Scott E.",
    title = "{A Note on QR-Based Model Reduction: Algorithm, Software, and Gravitational Wave Applications}",
    eprint = "1805.06124",
    archivePrefix = "arXiv",
    primaryClass = "cs.DC",
    doi = "10.1109/MCSE.2018.042781323",
    journal = "Comput. Sci. Eng.",
    volume = "20",
    number = "4",
    pages = "10--25",
    year = "2018"
}

@article{Pathak:2022iar,
    author = "Pathak, Lalit and Reza, Amit and Sengupta, Anand S.",
    title = "{Fast likelihood evaluation using meshfree approximations for reconstructing compact binary sources}",
    eprint = "2210.02706",
    archivePrefix = "arXiv",
    primaryClass = "gr-qc",
    reportNumber = "LIGO DCC number: LIGO-P2200253",
    doi = "10.1103/PhysRevD.108.064055",
    journal = "Phys. Rev. D",
    volume = "108",
    number = "6",
    pages = "064055",
    year = "2023"
}

@article{Pathak:2023ixb,
    author = "Pathak, Lalit and Munishwar, Sanket and Reza, Amit and Sengupta, Anand S.",
    title = "{Prompt sky localization of compact binary sources using a meshfree approximation}",
    eprint = "2309.07012",
    archivePrefix = "arXiv",
    primaryClass = "gr-qc",
    reportNumber = "LIGO DCC number: LIGO-P2300302",
    doi = "10.1103/PhysRevD.109.024053",
    journal = "Phys. Rev. D",
    volume = "109",
    number = "2",
    pages = "024053",
    year = "2024"
}

@article{Pankow:2015cra,
    author = "Pankow, C. and Brady, P. and Ochsner, E. and O'Shaughnessy, R.",
    title = "{Novel scheme for rapid parallel parameter estimation of gravitational waves from compact binary coalescences}",
    eprint = "1502.04370",
    archivePrefix = "arXiv",
    primaryClass = "gr-qc",
    reportNumber = "LIGO-P1500012",
    doi = "10.1103/PhysRevD.92.023002",
    journal = "Phys. Rev. D",
    volume = "92",
    number = "2",
    pages = "023002",
    year = "2015"
}


@article{Wysocki:2019grj,
    author = "Wysocki, D. and O'Shaughnessy, R. and Lange, Jacob and Fang, Yao-Lung L.",
    title = "{Accelerating parameter inference with graphics processing units}",
    eprint = "1902.04934",
    archivePrefix = "arXiv",
    primaryClass = "astro-ph.IM",
    reportNumber = "LIGO DCC LIGO-P1900036",
    doi = "10.1103/PhysRevD.99.084026",
    journal = "Phys. Rev. D",
    volume = "99",
    number = "8",
    pages = "084026",
    year = "2019"
}

@article{Raaijmakers:2021slr,
    author = "Raaijmakers, Geert and others",
    title = "{The Challenges Ahead for Multimessenger Analyses of Gravitational Waves and Kilonova: A Case Study on GW190425}",
    eprint = "2102.11569",
    archivePrefix = "arXiv",
    primaryClass = "astro-ph.HE",
    doi = "10.3847/1538-4357/ac222d",
    journal = "Astrophys. J.",
    volume = "922",
    number = "2",
    pages = "269",
    year = "2021"
}

@article{Finstad:2020sok,
    author = "Finstad, Daniel and Brown, Duncan A.",
    title = "{Fast Parameter Estimation of Binary Mergers for Multimessenger Follow-up}",
    eprint = "2009.13759",
    archivePrefix = "arXiv",
    primaryClass = "astro-ph.IM",
    doi = "10.3847/2041-8213/abca9e",
    journal = "Astrophys. J. Lett.",
    volume = "905",
    number = "1",
    pages = "L9",
    year = "2020"
}

@article{Morisaki:2020oqk,
    author = "Morisaki, Soichiro and Raymond, Vivien",
    title = "{Rapid Parameter Estimation of Gravitational Waves from Binary Neutron Star Coalescence using Focused Reduced Order Quadrature}",
    eprint = "2007.09108",
    archivePrefix = "arXiv",
    primaryClass = "gr-qc",
    doi = "10.1103/PhysRevD.102.104020",
    journal = "Phys. Rev. D",
    volume = "102",
    number = "10",
    pages = "104020",
    year = "2020"
}


@article{Morisaki:2023kuq,
    author = "Morisaki, Soichiro and Smith, Rory and Tsukada, Leo and Sachdev, Surabhi and Stevenson, Simon and Talbot, Colm and Zimmerman, Aaron",
    title = "{Rapid localization and inference on compact binary coalescences with the Advanced LIGO-Virgo-KAGRA gravitational-wave detector network}",
    eprint = "2307.13380",
    archivePrefix = "arXiv",
    primaryClass = "gr-qc",
    doi = "10.1103/PhysRevD.108.123040",
    journal = "Phys. Rev. D",
    volume = "108",
    number = "12",
    pages = "123040",
    year = "2023"
}

@article{Canizares:2014fya,
    author = "Canizares, Priscilla and Field, Scott E. and Gair, Jonathan and Raymond, Vivien and Smith, Rory and Tiglio, Manuel",
    title = "{Accelerated gravitational-wave parameter estimation with reduced order modeling}",
    eprint = "1404.6284",
    archivePrefix = "arXiv",
    primaryClass = "gr-qc",
    reportNumber = "LIGO-P1400038",
    doi = "10.1103/PhysRevLett.114.071104",
    journal = "Phys. Rev. Lett.",
    volume = "114",
    number = "7",
    pages = "071104",
    year = "2015"
}

@article{Canizares:2013ywa,
    author = "Canizares, Priscilla and Field, Scott E. and Gair, Jonathan R. and Tiglio, Manuel",
    title = "{Gravitational wave parameter estimation with compressed likelihood evaluations}",
    eprint = "1304.0462",
    archivePrefix = "arXiv",
    primaryClass = "gr-qc",
    doi = "10.1103/PhysRevD.87.124005",
    journal = "Phys. Rev. D",
    volume = "87",
    number = "12",
    pages = "124005",
    year = "2013"
}

@article{Morras:2023pug,
    author = "Morras, Gonzalo and Siles, Jose Francisco Nuno and Garcia-Bellido, Juan",
    title = "{Efficient reduced order quadrature construction algorithms for fast gravitational wave inference}",
    eprint = "2307.16610",
    archivePrefix = "arXiv",
    primaryClass = "gr-qc",
    reportNumber = "IFT-UAM/CSIC-23-100",
    doi = "10.1103/PhysRevD.108.123025",
    journal = "Phys. Rev. D",
    volume = "108",
    number = "12",
    pages = "123025",
    year = "2023"
}

@article{Chua:2019wwt,
    author = "Chua, Alvin J. K. and Vallisneri, Michele",
    title = "{Learning Bayesian posteriors with neural networks for gravitational-wave inference}",
    eprint = "1909.05966",
    archivePrefix = "arXiv",
    primaryClass = "gr-qc",
    doi = "10.1103/PhysRevLett.124.041102",
    journal = "Phys. Rev. Lett.",
    volume = "124",
    number = "4",
    pages = "041102",
    year = "2020"
}

@article{Green:2020hst,
    author = "Green, Stephen R. and Simpson, Christine and Gair, Jonathan",
    title = "{Gravitational-wave parameter estimation with autoregressive neural network flows}",
    eprint = "2002.07656",
    archivePrefix = "arXiv",
    primaryClass = "astro-ph.IM",
    reportNumber = "LIGO-P2000053",
    doi = "10.1103/PhysRevD.102.104057",
    journal = "Phys. Rev. D",
    volume = "102",
    number = "10",
    pages = "104057",
    year = "2020"
}

@article{Green:2020dnx,
    author = "Green, Stephen R. and Gair, Jonathan",
    title = "{Complete parameter inference for GW150914 using deep learning}",
    eprint = "2008.03312",
    archivePrefix = "arXiv",
    primaryClass = "astro-ph.IM",
    reportNumber = "LIGO-P2000282",
    doi = "10.1088/2632-2153/abfaed",
    journal = "Mach. Learn. Sci. Tech.",
    volume = "2",
    number = "3",
    pages = "03LT01",
    year = "2021"
}

@article{Bhardwaj:2023xph,
    author = "Bhardwaj, Uddipta and Alvey, James and Miller, Benjamin Kurt and Nissanke, Samaya and Weniger, Christoph",
    title = "{Sequential simulation-based inference for gravitational wave signals}",
    eprint = "2304.02035",
    archivePrefix = "arXiv",
    primaryClass = "gr-qc",
    doi = "10.1103/PhysRevD.108.042004",
    journal = "Phys. Rev. D",
    volume = "108",
    number = "4",
    pages = "042004",
    year = "2023"
}

@article{Morisaki:2021ngj,
    author = "Morisaki, Soichiro",
    title = "{Accelerating parameter estimation of gravitational waves from compact binary coalescence using adaptive frequency resolutions}",
    eprint = "2104.07813",
    archivePrefix = "arXiv",
    primaryClass = "gr-qc",
    doi = "10.1103/PhysRevD.104.044062",
    journal = "Phys. Rev. D",
    volume = "104",
    number = "4",
    pages = "044062",
    year = "2021"
}

@online{intel_cpu_datasheet_4310,
  title        = {{Intel Xeon Silver 4310 Processor}},
  author       = {{Intel Corporation}},
  url         = {https://www.intel.com/content/www/us/en/products/sku/215277/intel-xeon-silver-4310-processor-18m-cache-2-10-ghz/specifications.html},
note = {{URL}:~\url{https://www.intel.com/content/www/us/en/products/sku/215277/intel-xeon-silver-4310-processor-18m-cache-2-10-ghz/specifications.html}. {A}ccessed: 2024-04-11},
}

@online{intel_cpu_datasheet_8380,
  title        = {{Intel Xeon Platinum 8380 Processor}},
  author       = {{Intel Corporation}},
year  = {2024},
  url         = {https://www.intel.com/content/www/us/en/products/sku/212287/intel-xeon-platinum-8380-processor-60m-cache-2-30-ghz/specifications.html},
note = {{URL}: \url{https://www.intel.com/content/www/us/en/products/sku/212287/intel-xeon-platinum-8380-processor-60m-cache-2-30-ghz/specifications.html}. {A}ccessed: 2024-04-11},
}
@online{intel_cpu_datasheet_gold_8380,
  title        = {{Intel Xeon Gold 6136 Processor}},
  author       = {{Intel Corporation}},
year  = {2024},
  url         = {https://ark.intel.com/content/www/us/en/ark/products/120479/intel-xeon-gold-6136-processor-24-75m-cache-3-00-ghz.html},
note = {{URL}: \url{https://ark.intel.com/content/www/us/en/ark/products/120479/intel-xeon-gold-6136-processor-24-75m-cache-3-00-ghz.html}. {A}ccessed: 2024-04-17},
}

@article{Chia:2023tle,
    author = "Chia, Horng Sheng and Edwards, Thomas D. P. and Wadekar, Digvijay and Zimmerman, Aaron and Olsen, Seth and Roulet, Javier and Venumadhav, Tejaswi and Zackay, Barak and Zaldarriaga, Matias",
    title = "{In Pursuit of Love: First Templated Search for Compact Objects with Large Tidal Deformabilities in the LIGO-Virgo Data}",
    eprint = "2306.00050",
    archivePrefix = "arXiv",
    primaryClass = "gr-qc",
    month = "5",
    year = "2023"
}

@article{Roulet:2024hwz,
    author = "Roulet, Javier and Mushkin, Jonathan and Wadekar, Digvijay and Venumadhav, Tejaswi and Zackay, Barak and Zaldarriaga, Matias",
    title = "{Fast marginalization algorithm for optimizing gravitational wave detection, parameter estimation and sky localization}",
    eprint = "2404.02435",
    archivePrefix = "arXiv",
    primaryClass = "gr-qc",
    month = "4",
    year = "2024"
}

@article{Kolmus:2024scm,
    author = "Kolmus, Alex and Janquart, Justin and Baka, Tomasz and van Laarhoven, Twan and Van Den Broeck, Chris and Heskes, Tom",
    title = "{Tuning neural posterior estimation for gravitational wave inference}",
    eprint = "2403.02443",
    archivePrefix = "arXiv",
    primaryClass = "astro-ph.IM",
    month = "3",
    year = "2024"
}

@misc{mcewen2023machine,
      title={Machine learning assisted Bayesian model comparison: learnt harmonic mean estimator}, 
      author={Jason D. McEwen and Christopher G. R. Wallis and Matthew A. Price and Alessio Spurio Mancini},
      year={2023},
      eprint={2111.12720},
      archivePrefix={arXiv},
      primaryClass={stat.ME}
}

@article{SpurioMancini:2022vcy,
    author = "Spurio Mancini, A. and Docherty, M. M. and Price, M. A. and McEwen, J. D.",
    title = "{Bayesian model comparison for simulation-based inference}",
    eprint = "2207.04037",
    archivePrefix = "arXiv",
    primaryClass = "astro-ph.CO",
    doi = "10.1093/rasti/rzad051",
    month = "7",
    year = "2022"
}

@misc{polanska2024learned,
      title={Learned harmonic mean estimation of the marginal likelihood with normalizing flows}, 
      author={Alicja Polanska and Matthew A. Price and Alessio Spurio Mancini and Jason D. McEwen},
      year={2024},
      eprint={2307.00048},
      archivePrefix={arXiv},
      primaryClass={stat.ME}
}

@misc{Soichiro_mail,
    author = "{Soichiro Morisaki}",
    howpublished = {Personal e-mail correspondence},
    note = {16 April 2024} ,
    year="2024",
}

@misc{lange2022evosax,
      title={evosax: JAX-based Evolution Strategies}, 
      author={Robert Tjarko Lange},
      year={2022},
      eprint={2212.04180},
      archivePrefix={arXiv},
      primaryClass={cs.NE}
}